@book{blindsight,
author = "Watts, Peter and Bear, Elizabeth",
pages = "383", 
publisher = "A Tom Doherty Associates Book/Tor",
title = "Blindsight",
year = "2020"
}

@book{echopraxia,
author = "Watts, Peter",
pages = "383"
publisher = "Tor",
title = "Echopraxia",
year = "2014"
}